@article{naes2006order,
	title={Order book characteristics and the volume--volatility relation: Empirical evidence from a limit order market},
	author={N{\ae}s, Randi and Skjeltorp, Johannes A},
	journal={Journal of Financial Markets},
	volume={9},
	number={4},
	pages={408--432},
	year={2006},
	publisher={Elsevier}
}
@article{nakamoto2008bitcoin,
	title={Bitcoin: A peer-to-peer electronic cash system},
	author={Nakamoto, Satoshi},
	journal={Decentralized Business Review},
	pages={21260},
	year={2008}
}
@inproceedings{guo2018bitcoin,
	title={Bitcoin volatility forecasting with a glimpse into buy and sell orders},
	author={Guo, Tian and Bifet, Albert and Antulov-Fantulin, Nino},
	booktitle={2018 IEEE international conference on data mining (ICDM)},
	pages={989--994},
	year={2018},
	organization={IEEE}
}
@article{chu2015statistical,
	title={Statistical analysis of the exchange rate of bitcoin},
	author={Chu, Jeffrey and Nadarajah, Saralees and Chan, Stephen},
	journal={PloS one},
	volume={10},
	number={7},
	pages={e0133678},
	year={2015},
	publisher={Public Library of Science San Francisco, CA USA}
}

@article{katsiampa2017volatility,
	title={Volatility estimation for Bitcoin: A comparison of GARCH models},
	author={Katsiampa, Paraskevi},
	journal={Economics Letters},
	volume={158},
	pages={3--6},
	year={2017},
	publisher={Elsevier}
}

@article{liu2019volatility,
	title={Volatility in the cryptocurrency market},
	author={Liu, Jinan and Serletis, Apostolos},
	journal={Open Economies Review},
	volume={30},
	number={4},
	pages={779--811},
	year={2019},
	publisher={Springer}
}

@article{donier2015markets,
	title={Why do markets crash? Bitcoin data offers unprecedented insights},
	author={Donier, Jonathan and Bouchaud, Jean-Philippe},
	journal={PloS one},
	volume={10},
	number={10},
	pages={e0139356},
	year={2015},
	publisher={Public Library of Science San Francisco, CA USA}
}

@article{wang2015back,
	title={Back propagation neural network with adaptive differential evolution algorithm for time series forecasting},
	author={Wang, Lin and Zeng, Yi and Chen, Tao},
	journal={Expert Systems with Applications},
	volume={42},
	number={2},
	pages={855--863},
	year={2015},
	publisher={Elsevier}
}
@article{hochreiter1998vanishing,
	title={The vanishing gradient problem during learning recurrent neural nets and problem solutions},
	author={Hochreiter, Sepp},
	journal={International Journal of Uncertainty, Fuzziness and Knowledge-Based Systems},
	volume={6},
	number={02},
	pages={107--116},
	year={1998},
	publisher={World Scientific}
}
@inproceedings{pascanu2013difficulty,
	title={On the difficulty of training recurrent neural networks},
	author={Pascanu, Razvan and Mikolov, Tomas and Bengio, Yoshua},
	booktitle={International conference on machine learning},
	pages={1310--1318},
	year={2013},
	organization={PMLR}
}
@article{hochreiter1997long,
	title={Long short-term memory},
	author={Hochreiter, Sepp and Schmidhuber, J{\"u}rgen},
	journal={Neural computation},
	volume={9},
	number={8},
	pages={1735--1780},
	year={1997},
	publisher={MIT Press}
}
@article{cho2014learning,
	title={Learning phrase representations using RNN encoder-decoder for statistical machine translation},
	author={Cho, Kyunghyun and Van Merri{\"e}nboer, Bart and Gulcehre, Caglar and Bahdanau, Dzmitry and Bougares, Fethi and Schwenk, Holger and Bengio, Yoshua},
	journal={arXiv preprint arXiv:1406.1078},
	year={2014}
}

@inproceedings{ariyo2014stock,
	title={Stock price prediction using the ARIMA model},
	author={Ariyo, Adebiyi A and Adewumi, Adewumi O and Ayo, Charles K},
	booktitle={2014 UKSim-AMSS 16th International Conference on Computer Modelling and Simulation},
	pages={106--112},
	year={2014},
	organization={IEEE}
}

@article{brabazon2016characterising,
	title={Characterising order book evolution using self-organising maps},
	author={Brabazon, Anthony and Lipinski, Piotr and Hamill, Philip},
	journal={Evolutionary Intelligence},
	volume={9},
	number={4},
	pages={167--179},
	year={2016},
	publisher={Springer}
}

@inproceedings{blazejewski2004application,
	title={Application of self-organizing maps to clustering of high-frequency financial data},
	author={Blazejewski, Adam and Coggins, Richard},
	booktitle={Proceedings of the second workshop on Australasian information security, Data Mining and Web Intelligence, and Software Internationalisation-Volume 32},
	pages={85--90},
	year={2004},
	organization={Citeseer}
}

@article{Schnaubelt2019,
	author = {Schnaubelt, Matthias and Rende, Jonas and Krauss, Christopher},
	year = {2019},
	month = {02},
	pages = {25},
	title = {Testing Stylized Facts of Bitcoin Limit Order Books},
	volume = {12},
	journal = {Journal of Risk and Financial Management},
	doi = {10.3390/jrfm12010025}
}

@article{weigend1990predicting,
	title={Predicting the future: A connectionist approach},
	author={Weigend, Andreas S and Huberman, Bernardo A and Rumelhart, David E},
	journal={International journal of neural systems},
	volume={1},
	number={03},
	pages={193--209},
	year={1990},
	publisher={World Scientific}
}